@book{Fokking2013,
  author    = {Wan Fokkink},
  title     = {Distributed Algorithms: An Intuitive Approach},
  publisher = {The MIT Press},
  address   = {Cambridge, Massachusetts; London, England},
  year      = {2013}
}

@article{Mostefaoui1999,
  author    = {Achour Most{\'e}faoui and Michel Raynal},
  title     = {Solving Consensus Using Chandra-Touegâ€™s Unreliable Failure Detectors: A General Quorum-Based Approach},
  booktitle = {Lecture Notes in Computer Science (including subseries Lecture Notes in Artificial Intelligence and Lecture Notes in Bioinformatics)},
  pages     = {49-63},
  year      = {1999},
  doi       = {10.1007/3-540-48169-9_4}
}

@article{Hossain,
  author       = {Md Amjad Hossain},
  title        = {Performance Analysis of Chandra-Toueg Consensus Algorithm with S Failure Detector},
  howpublished = {Department of Computer Science, Kent State University, OH},
  note         = {Email: mhossai2@kent.edu},
  year         = {2015}
}
